@InProceedings{Test,
	author = {Normann Ola and Normann Kari},
	title        = {Test: How to include references},
	booktitle 	 = {International Conference on Testing Stuff},
	year         = {2023}
}